%-------------------------------------------Project---------------------------------------%
%--------------------------------------------Books----------------------------------------%

@book{SAPNetweaverPortal12,
	author	=	"Nicolescu, V. and Klappert, K. and Krcmar, H.",
	title		=	"SAP NetWeaver Portal",
	publisher	=	"Galileo Press",
	year		=	"2012",
	series		=	"SAP PRESS",
	%isbn		=	"9781935182542",
}

@book{hoenemann2009entwicklung,
	title={Die Entwicklung von Webapplikationen mit Zugriff auf SAP/R3-Systeme: SAP Web Dynpro vs. IBM Portlets},
	author={H{\"o}nemann, T.},
	%isbn={9783867410687},
	series={Mc Press Series},
	%url={https://books.google.de/books?id=jFiGoSnfN4AC},
	year={2009},
	publisher={Salzwasser-Verlag}
}

%-------------------------------------------Articles--------------------------------------%

@article{busch2009rich,
	title={Rich internet applications},
	author={Busch, M. and Koch, N.},
	journal={UML-Based web engineering, Technical Report},
	volume={902},
	year={2009}
}

%------------------------------------------Online------------------------------------------%

@online{jsr362,
	author = {JSR-362 Expert Group},
	title = {JSR 362: Portlet Specification 3.0},
	year = 2011,
	url = {https://jcp.org/en/jsr/detail?id=362},
	urldate = {2015-06-25}
}

%------------------------------------------Reports-----------------------------------------%

@techreport{jsr286,
	author = {JSR-286 Expert Group},
	institution = {Oracle Corporation},
	month = "jun",
	title = {Javaâ„¢ Portlet Specification 2.0 Final Release},
	%url = {https://www.jcp.org/en/jsr/detail?id=286},
	year = "2008",
}

@incollection{personalization03,
	year={2003},
	%isbn={978-3-540-02492-7},
	booktitle={The Customer Centric Enterprise},
	%editor={Tseng and Mitchell, M. and Piller and Frank, T.},
	%doi={10.1007/978-3-642-55460-5_3},
	title={The Many Faces of Personalization},
	%url={http://dx.doi.org/10.1007/978-3-642-55460-5_3},
	publisher={Springer Berlin Heidelberg},
	author={Riemer, Kai and Totz, Carsten},
	pages={35-50},
	%language={English}
}

@proceedings{webAppTesting12,
	EDITOR          = {Arora, A. and Sinha, M.},
	TITLE           = {Web Application Testing: A Review on Techniques, Tools and State of Art},
	PUBLISHER       = {IJSER},
	YEAR            = {2012},
	SERIES          = {International Journal of Scientific \& Engineering Research},
	VOLUME          = {3},
}